@article{kitchenham2002principles,
  title={Principles of survey research: part 6: data analysis},
  author={Kitchenham, Barbara and Pfleeger, Shari Lawrence},
  journal={ACM SIGSOFT Software Engineering Notes},
  volume={27},
  number={2},
  pages={20--24},
  year={2002},
  publisher={ACM}
}


@book{fitch2001rand,
  title={The RAND/UCLA appropriateness method user's manual},
  author={Fitch, Kathryn and Bernstein, Steven J and Aguilar, Mary D and Burnand, Bernard and LaCalle, Juan Ram{\'o}n},
  year={2001},
  publisher={RAND CORP SANTA MONICA CA}
}

@article{dalkey1969delphi,
  title={The Delphi method: An experimental study of group opinion},
  author={Dalkey, Norman and Helmer, Olaf},
  journal={Rand Corp Santa Monica CA},
  year={1969}
}

@article{diamond2014results,
  title={Results of a systematic review and meta-analysis of the presentations of Delphi studies},
  author={Diamond, Ian R and Grant, Robert C and Feldman, Brian M and Pencharz, Paul B and Ling, Simon C and Moore, Aideen M and Wales, Paul W},
  journal={Journal of Clinical Epidemiology},
  volume={67},
  number={4},
  pages={402--409},
  year={2014},
  publisher={Elsevier}
}

@book{delbecq1975group,
  title={Group techniques for program planning: A guide to nominal group and Delphi processes},
  author={Delbecq, Andre L and Van de Ven, Andrew H and Gustafson, David H},
  year={1975},
  publisher={Scott, Foresman}
}


@article{kitchenham2004procedures,
  title={Procedures for performing systematic reviews},
  author={Kitchenham, Barbara},
  journal={Keele University Technical Report},
  volume={TR/SE-0401},
  year={2004},
  publisher={Keele University}
}

@article{dalkey1963experimental,
  title={An experimental application of the {D}elphi method to the use of experts},
  author={Dalkey, Norman and Helmer, Olaf},
  journal={Management Science},
  volume={9},
  number={3},
  pages={458--467},
  year={1963},
  publisher={INFORMS}
}

@article{delbecq1971group,
  title={A {G}roup {P}rocess {M}odel for {P}roblem {I}dentification and {P}rogram {P}lanning},
  author={Delbecq, Andre L and Van de Ven, Andrew H},
  journal={Journal of Applied Behavioral Science},
  volume={7},
  number={4},
  pages={466--492},
  year={1971},
  publisher={Sage Publications}
}

@article{laney2001data,
  title={{3D} {D}ata {M}anagement: {C}ontrolling {D}ata {V}olume, {V}elocity, and {V}ariety},
  author={Laney, Doug},
  journal={META Group Research Note},
  volume={6},
  number={70},
  year={2001}
}

@book{krippendorff2004reliability,
  title={Content {A}nalysis: {A}n {I}ntroduction to {I}ts {M}ethodology},
  author={Krippendorff, Klaus},
  year={2004},
  publisher={Sage Publications},
  address={Thousand Oaks, CA}
}

@article{petersen2008systematic,
  title={Systematic mapping studies in software engineering},
  author={Petersen, Kai and Feldt, Robert and Mujtaba, Shahid and Mattsson, Michael},
  journal={EASE},
  volume={8},
  pages={68--77},
  year={2008}
}

@article{dean2012large,
  title={MapReduce: simplified data processing on large clusters},
  author={Dean, Jeffrey and Ghemawat, Sanjay},
  journal={Communications of the ACM},
  volume={51},
  number={1},
  pages={107--113},
  year={2008},
  publisher={ACM}
}

@inproceedings{li2014scaling,
  title={Scaling distributed machine learning with the parameter server},
  author={Li, Mu and Andersen, David G and Park, Jun Woo and Smola, Alexander J and Ahmed, Amr and Josifovski, Vanja and Long, James and Shekita, Eugene J and Su, Bor-Yiing},
  booktitle={11th USENIX Symposium on Operating Systems Design and Implementation},
  pages={583--598},
  year={2014}
}

@article{zaharia2016apache,
  title={Apache {S}park: {A} unified engine for big data processing},
  author={Zaharia, Matei and Xin, Reynold S and Wendell, Patrick and Das, Tathagata and Armbrust, Michael and Dave, Ankur and Meng, Xiangrui and Rosen, Josh and Venkataraman, Shivaram and Franklin, Michael J and others},
  journal={Communications of the ACM},
  volume={59},
  number={11},
  pages={56--65},
  year={2016},
  publisher={ACM}
}

@article{lecun2015deep,
  title={Deep learning},
  author={LeCun, Yann and Bengio, Yoshua and Hinton, Geoffrey},
  journal={Nature},
  volume={521},
  number={7553},
  pages={436--444},
  year={2015},
  publisher={Nature Publishing Group}
}

@article{jordan2015machine,
  title={Machine learning: Trends, perspectives, and prospects},
  author={Jordan, Michael I and Mitchell, Tom M},
  journal={Science},
  volume={349},
  number={6245},
  pages={255--260},
  year={2015},
  publisher={American Association for the Advancement of Science}
}

@book{goodfellow2016deep,
  title={Deep Learning},
  author={Goodfellow, Ian and Bengio, Yoshua and Courville, Aaron},
  year={2016},
  publisher={MIT Press},
  address={Cambridge, MA}
}


@article{moher2009preferred,
  title={Preferred reporting items for systematic reviews and meta-analyses: the PRISMA statement},
  author={Moher, David and Liberati, Alessandro and Tetzlaff, Jennifer and Altman, Douglas G and PRISMA Group},
  journal={PLoS medicine},
  volume={6},
  number={7},
  pages={e1000097},
  year={2009},
  publisher={Public Library of Science}
}

@article{kitchenham2007guidelines,
  title={Guidelines for performing systematic literature reviews in software engineering},
  author={Kitchenham, Barbara and Charters, Stuart},
  journal={Technical report, Ver. 2.3 EBSE Technical Report. EBSE},
  year={2007}
}

@article{cooper1988,
  title={Organizing knowledge syntheses: A taxonomy of literature reviews},
  author={Cooper, Harris M},
  journal={Knowledge in Society},
  volume={1},
  number={1},
  pages={104--126},
  year={1988},
  publisher={Springer}
}

@article{fitch2001rand,
  title={The RAND/UCLA appropriateness method user's manual},
  author={Fitch, Kathryn and Bernstein, Steven J and Aguilar, Maria D and Burnand, Bernard and LaCalle, Juan Ramon and Lazaro, Pablo and van het Loo, Mirjam and McDonnell, Joseph and Vader, Janneke and Kahan, James P},
  year={2001},
  publisher={Rand Corp Santa Monica CA}
}

@article{dalkey1969delphi,
  title={The Delphi method: An experimental study of group opinion},
  author={Dalkey, Norman C},
  journal={Rand Corp Santa Monica CA},
  year={1969}
}

@article{diamond2014results,
  title={The results of a RAND method Delphi panel on the use of cannabis for inflammatory bowel disease},
  author={Diamond, Ian R and Grant, Robert C and Feldman, Brian M and Pencharz, Paul B and Ling, Simon C and Moore, Aideen M and Wales, Paul W},
  journal={Journal of paediatric gastroenterology and nutrition},
  volume={58},
  number={1},
  pages={28--33},
  year={2014}
}

@book{delbecq1975group,
  title={Group techniques for program planning: A guide to nominal group and Delphi processes},
  author={Delbecq, Andre L and Van de Ven, Andrew H and Gustafson, David H},
  year={1975},
  publisher={Scott Foresman}
}

@article{dalkey1963experimental,
  title={An experimental application of the Delphi method to the use of experts},
  author={Dalkey, Norman and Helmer, Olaf},
  journal={Management science},
  volume={9},
  number={3},
  pages={458--467},
  year={1963},
  publisher={INFORMS}
}

@article{kitchenham2004procedures,
  title={Procedures for performing systematic reviews},
  author={Kitchenham, Barbara},
  journal={Keele, UK, Keele University},
  volume={33},
  number={2004},
  pages={1--26},
  year={2004}
}

@article{delbecq1971group,
  title={A group process model for problem identification and program planning},
  author={Delbecq, Andre L and Van de Ven, Andrew H},
  journal={The Journal of Applied Behavioral Science},
  volume={7},
  number={4},
  pages={466--492},
  year={1971},
  publisher={Sage Publications Sage CA: Thousand Oaks, CA}
}

@article{laney2001data,
  title={3D data management: Controlling data volume, velocity and variety},
  author={Laney, Doug},
  journal={META group research note},
  volume={6},
  number={70},
  pages={1},
  year={2001}
}

@book{krippendorff2004reliability,
  title={Reliability in content analysis: Some common misconceptions and recommendations},
  author={Krippendorff, Klaus},
  journal={Human communication research},
  volume={30},
  number={3},
  pages={411--433},
  year={2004},
  publisher={Oxford University Press Oxford, UK}
}
